@article{rnr,
  title={Computing Robust Counter-Strategies},
  author={Johanson, Michael and Zinkevich, Martin and Bowling, Michael},
  journal={Advances in neural information processing systems (NIPS'07)},
  volume={20},
  pages={721--728},
  year={2007}
}

@article{cfr,
  title={Regret minimization in games with incomplete information},
  author={Zinkevich, Martin and Johanson, Michael and Bowling, Michael and Piccione, Carmelo},
  journal={Advances in neural information processing systems (NIPS'08)},
  volume={20},
  pages={1729--1736},
  year={2008}
}

@article{mccfr,
  title={Monte Carlo sampling for regret minimization in extensive games},
  author={Lanctot, Marc and Waugh, Kevin and Zinkevich, Martin and Bowling, Michael},
  journal={Advances in Neural Information Processing Systems (NIPS'09)},
  volume={22},
  pages={1078--1086},
  year={2009}
}

@inproceedings{pcs,
  title={Efficient Nash equilibrium approximation through Monte Carlo counterfactual regret minimization},
  author={Johanson, Michael and Bard, Nolan and Lanctot, Marc and Gibson, Richard and Bowling, Michael},
  booktitle={Proceedings of the 11th International Conference on Autonomous Agents and Multiagent Systems (AAMAS'12)},
  pages={837--846},
  year={2012},
  organization={International Foundation for Autonomous Agents and Multiagent Systems}
}

@inproceedings{bayesbluff,
  author    = {Finnegan Southey and
               Michael Bowling and
               Bryce Larson and
               Carmelo Piccione and
               Neil Burch and
               Darse Billings and
               D. Chris Rayner},
  title     = {Bayes' Bluff: Opponent Modelling in Poker},
  booktitle={Proceedings of the 21st Annual Conference on Uncertainty in Artificial Intelligence (UAI'05)},
  pages={550--558},
  year={2005}
}

@inproceedings{exp4,
  title={Gambling in a rigged casino: The adversarial multi-armed bandit problem},
  author={Auer, Peter and Cesa-Bianchi, Nicolo and Freund, Yoav and Schapire, Robert E},
  booktitle={Foundations of Computer Science, 1995. Proceedings., 36th Annual Symposium on},
  pages={322--331},
  year={1995},
  organization={IEEE}
}

@inproceedings{dbr,
  title={Data biased robust counter strategies},
  author={Johanson, Michael and Bowling, Michael},
  booktitle={Proceedings of the Twelfth International Conference on Artificial Intelligence and Statistics (AISTATS'09)},
  pages={264--271},
  year={2009}
}

@article{shortterm,
  title={Effective short-term opponent exploitation in simplified poker},
  author={Southey, Finnegan and Hoehn, Bret and Holte, Robert C},
  journal={Machine learning},
  volume={74},
  number={2},
  pages={159--189},
  year={2009},
  publisher={Springer}
}

@article{regretmatching,
  title={A general class of adaptive strategies},
  author={Hart, Sergiu and Mas-Colell, Andreu},
  journal={Journal of Economic Theory},
  volume={98},
  number={1},
  pages={26--54},
  year={2001},
  publisher={Elsevier}
}

@article{implicit,
  title={Online Implicit Agent Modelling},
  author={Bard, Nolan and Johanson, Michael and Burch, Neil and Bowling, Michael},
  journal={Autonomous Agents and Multiagent Systems (AAMAS'13)},
  year={2013}
}

@inproceedings{dbbr,
  title={Game theory-based opponent modeling in large imperfect-information games},
  author={Ganzfried, Sam and Sandholm, Tuomas},
  booktitle={The 10th International Conference on Autonomous Agents and Multiagent Systems-Volume 2},
  pages={533--540},
  year={2011},
  organization={International Foundation for Autonomous Agents and Multiagent Systems}
}

@article{simplemodels,
  title={Multi-agent learning and the descriptive value of simple models},
  author={Erev, Ido and Roth, Alvin E},
  journal={Artificial intelligence},
  volume={171},
  number={7},
  pages={423--428},
  year={2007},
  publisher={Elsevier}
}